<record><leader>00000cas a22000007a 4500</leader><controlfield tag="001">12233703</controlfield><controlfield tag="008">850705d1915192umtuwr ne      0    0eng d</controlfield><datafield ind1=" " ind2=" " tag="010"><subfield code="a">sn 85053183 </subfield></datafield><datafield ind1=" " ind2=" " tag="040"><subfield code="a">MTL</subfield><subfield code="b">eng</subfield><subfield code="c">MTL</subfield><subfield code="d">OCLCQ</subfield></datafield><datafield ind1=" " ind2=" " tag="042"><subfield code="a">msc</subfield></datafield><datafield ind1="0" ind2="4" tag="245"><subfield code="a">The Harlowton press.</subfield></datafield><datafield ind1=" " ind2=" " tag="260"><subfield code="a">Harlowton, Mont. :</subfield><subfield code="b">M.M. Mahurin,</subfield><subfield code="c">1915-</subfield></datafield><datafield ind1=" " ind2=" " tag="300"><subfield code="a">v. :</subfield><subfield code="b">ill.</subfield></datafield><datafield ind1=" " ind2=" " tag="310"><subfield code="a">Weekly</subfield></datafield><datafield ind1="0" ind2=" " tag="362"><subfield code="a">Vol. 10, no. 23 (Dec. 3, 1915)-</subfield></datafield><datafield ind1="1" ind2=" " tag="362"><subfield code="a">Ceased by 1925.</subfield><subfield code="z">Cf. Montana newspaper directories, 1922-1925.</subfield></datafield><datafield ind1=" " ind2=" " tag="752"><subfield code="a">United States</subfield><subfield code="b">Montana</subfield><subfield code="c">Wheatland</subfield><subfield code="d">Harlowton.</subfield></datafield><datafield ind1="0" ind2="0" tag="780"><subfield code="t">Meagher County Democrat</subfield><subfield code="w">(DLC)sn 85053182</subfield></datafield><datafield ind1="1" ind2=" " tag="029"><subfield code="a">AU@</subfield><subfield code="b">000025792829</subfield></datafield></record>